@misc{NetShare,
	author = {Net Applications},
	title = {Net market share of browsers on desktops},
  howpublished = {http://www.netmarketshare.com/},
  note = {Accessed: 2016-10-08}
}

@misc{shortcuts,
author = {Google},
title = {Shortcuts in Google Chrome},
howpublished = {https://support.google.com/chrome/answer/157179?hl=en},
note = {Accessed: 2016-10-08}
}

@misc{extensions,
author = {Google},
title = {Chrome web store: extensions},
howpublished = {https://chrome.google.com/webstore/category/extensions},
note = {Accessed: 2016-10-08}
}

@misc{slow,
author = {Lori Kaufman},
title = {Browser Slow? How to Make Google Chrome Fast Again},
howpublished = {http://www.howtogeek.com/119191/browser-slow-how-to-make-google-chrome-fast-again/},
note = {Accessed: 2016-10-08}
}


